@inproceedings{dawson2010smap,
  title={sMAP: a simple measurement and actuation profile for physical information},
  author={Dawson-Haggerty, Stephen and Jiang, Xiaofan and Tolle, Gilman and Ortiz, Jorge and Culler, David},
  booktitle={Proceedings of the 8th ACM conference on embedded networked sensor systems},
  pages={197--210},
  year={2010}
}

@article{jiang2007architecture,
  title={An architecture for energy management in wireless sensor networks},
  author={Jiang, Xiaofan and Taneja, Jay and Ortiz, Jorge and Tavakoli, Arsalan and Dutta, Prabal and Jeong, Jaein and Culler, David and Levis, Philip and Shenker, Scott},
  journal={ACM SIGBED Review},
  volume={4},
  number={3},
  pages={31--36},
  year={2007},
  publisher={ACM New York, NY, USA}
}

@article{katz2011information,
  title={An information-centric energy infrastructure: The Berkeley view},
  author={Katz, Randy H and Culler, David E and Sanders, Seth and Alspaugh, Sara and Chen, Yanpei and Dawson-Haggerty, Stephen and Dutta, Prabal and He, Mike and Jiang, Xiaofan and Keys, Laura and others},
  journal={Sustainable Computing: Informatics and Systems},
  volume={1},
  number={1},
  pages={7--22},
  year={2011},
  publisher={Elsevier}
}

@inproceedings{ortiz2010multichannel,
  title={Multichannel reliability assessment in real world WSNs},
  author={Ortiz, Jorge and Culler, David},
  booktitle={Proceedings of the 9th ACM/IEEE International Conference on Information Processing in Sensor Networks},
  pages={162--173},
  year={2010}
}

@inproceedings{dawson2010enabling,
  title={Enabling green building applications},
  author={Dawson-Haggerty, Stephen and Ortiz, Jorge and Jiang, Xiaofan and Hsu, Jeff and Shankar, Sushant and Culler, David},
  booktitle={Proceedings of the 6th workshop on hot topics in embedded networked sensors},
  pages={1--5},
  year={2010}
}

@inproceedings{hsu2010hbci,
  title={Hbci: Human-building-computer interaction},
  author={Hsu, Jeff and Mohan, Prashanth and Jiang, Xiaofan and Ortiz, Jorge and Shankar, Sushant and Dawson-Haggerty, Stephen and Culler, David},
  booktitle={Proceedings of the 2nd ACM Workshop on Embedded Sensing Systems for Energy-Efficiency in Building},
  pages={55--60},
  year={2010}
}

@inproceedings{fontugne2013strip,
  title={Strip, bind, and search: a method for identifying abnormal energy consumption in buildings},
  author={Fontugne, Romain and Ortiz, Jorge and Tremblay, Nicolas and Borgnat, Pierre and Flandrin, Patrick and Fukuda, Kensuke and Culler, David and Esaki, Hiroshi},
  booktitle={Proceedings of the 12th international conference on Information processing in sensor networks},
  pages={129--140},
  year={2013}
}

@inproceedings{hong2013towards,
  title={Towards automatic spatial verification of sensor placement in buildings},
  author={Hong, Dezhi and Ortiz, Jorge and Whitehouse, Kamin and Culler, David},
  booktitle={Proceedings of the 5th ACM Workshop on Embedded Systems For Energy-Efficient Buildings},
  pages={1--8},
  year={2013}
}

@article{maasoumy2013flexibility,
  title={Flexibility of commercial building HVAC fan as ancillary service for smart grid},
  author={Maasoumy, Mehdi and Ortiz, Jorge and Culler, David and Sangiovanni-Vincentelli, Alberto},
  journal={arXiv preprint arXiv:1311.6094},
  year={2013}
}

@inproceedings{huang2015spartan,
  title={Spartan: A distributed array framework with smart tiling},
  author={Huang, Chien-Chin and Chen, Qi and Wang, Zhaoguo and Power, Russell and Ortiz, Jorge and Li, Jinyang and Xiao, Zhen},
  booktitle={2015 USENIX Annual Technical Conference (USENIX ATC 15)},
  pages={1--15},
  year={2015}
}

@inproceedings{hong2015building,
  title={The building adapter: Towards quickly applying building analytics at scale},
  author={Hong, Dezhi and Wang, Hongning and Ortiz, Jorge and Whitehouse, Kamin},
  booktitle={Proceedings of the 2nd ACM international conference on embedded systems for energy-efficient built environments},
  pages={123--132},
  year={2015}
}

@inproceedings{bhattacharya2015automated,
  title={Automated metadata construction to support portable building applications},
  author={Bhattacharya, Arka A and Hong, Dezhi and Culler, David and Ortiz, Jorge and Whitehouse, Kamin and Wu, Eugene},
  booktitle={Proceedings of the 2nd ACM International Conference on Embedded Systems for Energy-Efficient Built Environments},
  pages={3--12},
  year={2015}
}

@inproceedings{mehra2016image,
  title={Image analysis for identifying mosquito breeding grounds},
  author={Mehra, Maanit and Bagri, Aditya and Jiang, Xiaofan and Ortiz, Jorge},
  booktitle={2016 IEEE International conference on sensing, communication and networking (SECON workshops)},
  pages={1--6},
  year={2016},
  organization={IEEE}
}

@article{lee2018time,
  title={Time series segmentation through automatic feature learning},
  author={Lee, Wei-Han and Ortiz, Jorge and Ko, Bongjun and Lee, Ruby},
  journal={arXiv preprint arXiv:1801.05394},
  year={2018}
}

@inproceedings{nutter2018design,
  title={Design of novel deep learning models for real-time human activity recognition with mobile phones},
  author={Nutter, Mark and Crawford, Catherine H and Ortiz, Jorge},
  booktitle={2018 International Joint Conference on Neural Networks (IJCNN)},
  pages={1--8},
  year={2018},
  organization={IEEE}
}

@inproceedings{ortiz2019devicemien,
  title={DeviceMien: network device behavior modeling for identifying unknown IoT devices},
  author={Ortiz, Jorge and Crawford, Catherine and Le, Franck},
  booktitle={Proceedings of the International Conference on Internet of Things Design and Implementation},
  pages={106--117},
  year={2019}
}

@article{le2019policy,
  title={Policy-based identification of iot devicesâ€™ vendor and type by dns traffic analysis},
  author={Le, Franck and Ortiz, Jorge and Verma, Dinesh and Kandlur, Dilip},
  journal={Policy-Based Autonomic Data Governance},
  pages={180--201},
  year={2019},
  publisher={Springer International Publishing}
}

@article{wu2021rlad,
  title={Rlad: Time series anomaly detection through reinforcement learning and active learning},
  author={Wu, Tong and Ortiz, Jorge},
  journal={arXiv preprint arXiv:2104.00543},
  year={2021}
}

@article{hussain2022non,
  title={Non-invasive techniques for monitoring different aspects of sleep: A comprehensive review},
  author={Hussain, Zawar and Sheng, Quan Z and Zhang, Wei Emma and Ortiz, Jorge and Pouriyeh, Seyedamin},
  journal={ACM Transactions on Computing for Healthcare (HEALTH)},
  volume={3},
  number={2},
  pages={1--26},
  year={2022},
  publisher={ACM New York, NY}
}

@inproceedings{sun2024optimizing,
  title={Optimizing autonomous driving for safety: A human-centric approach with llm-enhanced rlhf},
  author={Sun, Yuan and Salami Pargoo, Navid and Jin, Peter and Ortiz, Jorge},
  booktitle={Companion of the 2024 on ACM International Joint Conference on Pervasive and Ubiquitous Computing},
  pages={76--80},
  year={2024}
}